% This file was created with JabRef 2.7.2.
% Encoding: Cp1252

@MISC{Beck2001,
  author = {Kent Beck and Mike Beedle and Arie van Bennekum and Alistair Cockburn
	and Ward Cunningham and Martin Fowler and James Grenning and Jim
	Highsmith and Andrew Hunt and Ron Jeffries and Jon Kern and Brian
	Marick and Robert C. Martin and Steve Mellor and Ken Schwaber and
	Jeff Sutherland and Dave Thomas},
  title = {Manifesto for Agile Software Development},
  year = {2001},
  timestamp = {2012.03.14},
  url = {http://agilemanifesto.org/}
}

@BOOK{Goodmans2010,
  title = {The book of examples},
  publisher = {Crown},
  year = {2010},
  author = {Arthur Goodmans},
  __markedentry = {[owner:1]}
}

@MISC{Johnson992,
  author = {Boris Johnson and David Cameron and Barack Obama},
  title = {The effectiveness of examples in politics},
  year = {1992}
}

@INPROCEEDINGS{LavinMera2008,
  author = {Lav\'{\i}n-Mera, Pablo and Moreno-Ger, Pablo and Fern\'{a}ndez-Manj\'{o}n,
	Baltasar},
  title = {Example of names with accents},
  booktitle = {Proceedings of the 2008 Second IEEE International Conference on Digital
	Game and Intelligent Toy Enhanced Learning},
  year = {2008},
  series = {DIGITEL '08},
  pages = {44--51},
  publisher = {IEEE Computer Society},
  isbn = {978-0-7695-3409-1},
  numpages = {8}
}

@TECHREPORT{Martin2007,
  author = {Ben Martin and Peter Pan},
  title = {Another example},
  institution = {University of Sussex, SPRU - Science and Technology Policy Research},
  year = {2007},
  number = {161},
  month = {Jun}
}

@INPROCEEDINGS{Smith2011,
  author = {John Smith and Jane Sandy Keys and Andrew F. Teller},
  title = {An example report},
  booktitle = {2011 IEEE International Symposium on Multimedia (ISM)},
  year = {2011},
  pages = {19-26},
  month = {dec.},
  __markedentry = {[owner:1]}
}

@MISC{RoyalSociety2010,
  author = {{The Royal Society}},
  title = {An example showing full author title with spacing},
  year = {2010},
  publisher = {The Royal Society},
  timestamp = {2012.01.11}
}

